%  Bibliography file

@article{MiracleCast,
	author = {Patrick Herrmann},
	title = {On Wifi-Display, Democratic Republics and Miracles},
	year = 2014,
},

@unpublished{DLNA-Miracast,
	author = {Jesús Maturana},
	title = {Chromecast, Miracast, DLNA y otras conexiones inalámbricas móviles en detalle},
	year = 2013,
	note = {http://www.xatakandroid.com/tutoriales/diferencias-y semejanzas-entre-chromecast-miracast-dlna-y-otras-conexiones-inalambricas},
},

@unpublished{Miracast,
	author = {Sharon Profis},
	title = {Miracast: Everything to know about mirroring Android},
	journal = {The journal of small papers},
	year = 2013,
	note = {https://www.cnet.com/how-to/miracast-everything-to-know-about-mirroring-android/},
},

@unpublished{CastSDK,
	author = {John Affaki},
	title = {Ready to cast: Chromecast now open to developers with the Google Cast SDK},
	year = 2014,
	note = {https://developers.googleblog.com/2014/02/ready-to-cast-chromecast-now-open-to.html},
},
